<record><leader>00000cas a22000007a 4500</leader><controlfield tag="001">15294783</controlfield><controlfield tag="008">870310d18941899inuwr ne      0    0eng d</controlfield><datafield ind1=" " ind2=" " tag="010"><subfield code="a">sn 87055324 </subfield></datafield><datafield ind1=" " ind2=" " tag="040"><subfield code="a">NPI</subfield><subfield code="b">eng</subfield><subfield code="c">NPI</subfield><subfield code="d">OCLCQ</subfield><subfield code="d">IUL</subfield><subfield code="d">OCLCF</subfield></datafield><datafield ind1=" " ind2=" " tag="042"><subfield code="a">msc</subfield></datafield><datafield ind1=" " ind2=" " tag="043"><subfield code="a">n-us-in</subfield></datafield><datafield ind1="0" ind2="0" tag="245"><subfield code="a">Miami County record.</subfield></datafield><datafield ind1=" " ind2=" " tag="260"><subfield code="a">Peru, Ind. :</subfield><subfield code="b">John H. Stevens</subfield></datafield><datafield ind1=" " ind2=" " tag="300"><subfield code="a">volumes</subfield></datafield><datafield ind1=" " ind2=" " tag="310"><subfield code="a">Weekly</subfield></datafield><datafield ind1="1" ind2=" " tag="362"><subfield code="a">Began with July 3, 1894 issue; ceased in 1899?</subfield></datafield><datafield ind1=" " ind2=" " tag="588"><subfield code="a">Description based on: Vol. 2, no. 19 (Dec. 11, 1895).</subfield></datafield><datafield ind1=" " ind2="0" tag="651"><subfield code="a">Peru (Ind.)</subfield><subfield code="v">Newspapers.</subfield></datafield><datafield ind1=" " ind2="0" tag="651"><subfield code="a">Miami County (Ind.)</subfield><subfield code="v">Newspapers.</subfield></datafield><datafield ind1=" " ind2="7" tag="651"><subfield code="a">Indiana</subfield><subfield code="z">Miami County.</subfield><subfield code="2">fast</subfield><subfield code="0">(OCoLC)fst01207937</subfield></datafield><datafield ind1=" " ind2="7" tag="651"><subfield code="a">Indiana</subfield><subfield code="z">Peru.</subfield><subfield code="2">fast</subfield><subfield code="0">(OCoLC)fst01229038</subfield></datafield><datafield ind1=" " ind2="7" tag="655"><subfield code="a">Newspapers.</subfield><subfield code="2">fast</subfield><subfield code="0">(OCoLC)fst01423814</subfield></datafield><datafield ind1=" " ind2=" " tag="752"><subfield code="a">United States</subfield><subfield code="b">Indiana</subfield><subfield code="c">Miami</subfield><subfield code="d">Peru.</subfield></datafield><datafield ind1="0" ind2="0" tag="780"><subfield code="t">Bunker Hill press</subfield><subfield code="w">(DLC)sn 87055330</subfield><subfield code="w">(OCoLC)15293875</subfield></datafield><datafield ind1="0" ind2="0" tag="785"><subfield code="t">Miami County sentinel (Peru, Ind. : 1876)</subfield><subfield code="w">(DLC)sn 84037997</subfield><subfield code="w">(OCoLC)11171875</subfield></datafield></record>